<record><leader>00000cas a22000007a 4500</leader><controlfield tag="001">19210362</controlfield><controlfield tag="008">890214d18uu1893gauwr ne      0    0eng d</controlfield><datafield ind1=" " ind2=" " tag="010"><subfield code="a">sn 89053020 </subfield></datafield><datafield ind1=" " ind2=" " tag="040"><subfield code="a">NLG</subfield><subfield code="b">eng</subfield><subfield code="c">NLG</subfield><subfield code="d">GUA</subfield><subfield code="d">OCLCQ</subfield></datafield><datafield ind1=" " ind2=" " tag="032"><subfield code="a">msc</subfield></datafield><datafield ind1=" " ind2=" " tag="043"><subfield code="a">n-us-ga</subfield></datafield><datafield ind1="0" ind2="4" tag="245"><subfield code="a">The Middle Georgia argus.</subfield></datafield><datafield ind1=" " ind2=" " tag="260"><subfield code="a">Indian Springs, Ga. :</subfield><subfield code="b">Smith &amp; Smith</subfield></datafield><datafield ind1=" " ind2=" " tag="300"><subfield code="a">v.</subfield></datafield><datafield ind1=" " ind2=" " tag="310"><subfield code="a">Weekly</subfield></datafield><datafield ind1="1" ind2=" " tag="362"><subfield code="a">Ceased in Dec. 1893.</subfield></datafield><datafield ind1=" " ind2=" " tag="500"><subfield code="a">Published in Jackson, Ga., Oct 26, 1891-</subfield></datafield><datafield ind1=" " ind2=" " tag="530"><subfield code="a">Also on microfilm: Athens, Ga. : University of Georgia Libraries.</subfield></datafield><datafield ind1=" " ind2=" " tag="588"><subfield code="a">Description based on: Vol. 6, no. 10 (July 4, 1878).</subfield></datafield><datafield ind1=" " ind2="0" tag="651"><subfield code="a">Jackson (Ga.)</subfield><subfield code="v">Newspapers.</subfield></datafield><datafield ind1=" " ind2="0" tag="651"><subfield code="a">Butts County (Ga.)</subfield><subfield code="v">Newspapers.</subfield></datafield><datafield ind1=" " ind2=" " tag="752"><subfield code="a">United States</subfield><subfield code="b">Georgia</subfield><subfield code="c">Butts</subfield><subfield code="d">Jackson.</subfield></datafield><datafield ind1=" " ind2=" " tag="752"><subfield code="a">United States</subfield><subfield code="b">Georgia</subfield><subfield code="c">Butts</subfield><subfield code="d">Indian Springs.</subfield></datafield><datafield ind1="0" ind2="0" tag="785"><subfield code="a">Jackson argus</subfield><subfield code="w">(DLC)sn 89053021</subfield><subfield code="w">(OCoLC)19210408</subfield></datafield></record>